%%%%%%%%%%     Project bibliography   %%%%%%%%%%

@MISC{AvoidSelectActivate,
    title        = {\textit{{H}ow to avoid using {S}elect in {E}xcel {VBA}}},
    author       = {Siddharth Rout},
    howpublished = {Stack Overflow},
    year         = 2013,
    note         = {Available at: \url{https://stackoverflow.com/a/10718179/8213085}, accessed 29-04-2019},
    eprint       = {https://stackoverflow.com/a/10718179/8213085},
    url          = {https://stackoverflow.com/a/10718179/8213085}
}

@MISC{DataTypes,
    title        = {\textit{{D}ata {T}ype {S}ummary ({V}isual {B}asic)}},
    author       = {Microsoft},
    howpublished = {Microsoft Docs},
    year         = 2015,
    note         = {Available at: \url{https://docs.microsoft.com/en-gb/dotnet/visual-basic/language-reference/data-types/index}, accessed 21-04-2019},
    eprint       = {https://docs.microsoft.com/en-gb/dotnet/visual-basic/language-reference/data-types/index},
    url          = {https://docs.microsoft.com/en-gb/dotnet/visual-basic/language-reference/data-types/index}
}

@MISC{xlSheetTypes,
    title        = {\textit{{X}l{S}heet{T}ype {E}numeration ({E}xcel)}},
    author       = {Microsoft},
    howpublished = {Microsoft Docs},
    year         = 2017,
    note         = {Available at: \url{https://docs.microsoft.com/en-us/office/vba/api/excel.xlsheettype}, accessed 23-04-2019},
    eprint       = {https://docs.microsoft.com/en-us/office/vba/api/excel.xlsheettype},
    url          = {https://docs.microsoft.com/en-us/office/vba/api/excel.xlsheettype}
}

@MISC{WorkbooksOpen,
    title        = {\textit{{W}orkbooks.{O}pen method ({E}xcel)}},
    author       = {Microsoft},
    howpublished = {Microsoft Docs},
    year         = 2017,
    note         = {Available at: \url{https://docs.microsoft.com/en-us/office/vba/api/excel.workbooks.open}, accessed 24-04-2019},
    eprint       = {https://docs.microsoft.com/en-us/office/vba/api/excel.workbooks.open},
    url          = {https://docs.microsoft.com/en-us/office/vba/api/excel.workbooks.open}
}

@MISC{WorkbooksClose,
    title        = {\textit{{W}orkbooks.{C}lose method ({E}xcel)}},
    author       = {Microsoft},
    howpublished = {Microsoft Docs},
    year         = 2017,
    note         = {Available at: \url{https://docs.microsoft.com/en-us/office/vba/api/excel.workbook.close}, accessed 08-05-2019},
    eprint       = {https://docs.microsoft.com/en-us/office/vba/api/excel.workbook.close},
    url          = {https://docs.microsoft.com/en-us/office/vba/api/excel.workbook.close}
}

@MISC{WorksheetsAdd,
    title        = {\textit{{W}orksheets.{A}dd method ({E}xcel)}},
    author       = {Microsoft},
    howpublished = {Microsoft Docs},
    year         = 2017,
    note         = {Available at: \url{https://docs.microsoft.com/en-us/office/vba/api/excel.sheets.add}, accessed 11-05-2019},
    eprint       = {https://docs.microsoft.com/en-us/office/vba/api/excel.sheets.add},
    url          = {https://docs.microsoft.com/en-us/office/vba/api/excel.sheets.add}
}

@MISC{VBAMethods,
    title        = {\textit{{VBA} {M}ethods}},
    author       = {{C}orporate {F}inance {I}nstitute},
    howpublished = {},
    year         = {},
    note         = {Available at: \url{https://corporatefinanceinstitute.com/resources/excel/study/vba-methods-list}, accessed 28-05-2019},
    eprint       = {https://corporatefinanceinstitute.com/resources/excel/study/vba-methods-list},
    url          = {https://corporatefinanceinstitute.com/resources/excel/study/vba-methods-list}
}

@MISC{ExplainOOPTo6YO,
    title        = {\textit{{H}ow to explain object-oriented programming concepts to a 6-year-old}},
    author       = {{A}lexander {P}etkov},
    howpublished = {{f}ree{C}ode{C}amp {N}ews},
    year         = {2018},
    note         = {Available at: \url{https://www.freecodecamp.org/news/object-oriented-programming-concepts-21bb035f7260}, accessed 01-06-2019},
    eprint       = {https://www.freecodecamp.org/news/object-oriented-programming-concepts-21bb035f7260},
    url          = {https://www.freecodecamp.org/news/object-oriented-programming-concepts-21bb035f7260}
}

@MISC{UnderstandingOPM,
    title        = {\textit{{U}nderstanding {O}bjects, {P}roperties, and {M}ethods}},
    author       = {Microsoft},
    howpublished = {Microsoft Docs},
    year         = {2017},
    note         = {Available at: \url{https://docs.microsoft.com/en-us/office/vba/word/concepts/objects-properties-methods/understanding-objects-properties-and-methods}, accessed 01-06-2019},
    eprint       = {https://docs.microsoft.com/en-us/office/vba/word/concepts/objects-properties-methods/understanding-objects-properties-and-methods},
    url          = {https://docs.microsoft.com/en-us/office/vba/word/concepts/objects-properties-methods/understanding-objects-properties-and-methods}
}

@MISC{OOPIn7Minutes,
    title        = {\textit{{O}bject-oriented {P}rogramming in 7 minutes | {M}osh}},
    author       = {Programming with Mosh},
    howpublished = {{Y}ou{T}ube},
    year         = {2018},
    note         = {Available at: \url{https://www.youtube.com/watch?v=pTB0EiLXUC8}, accessed 02-06-2019},
    eprint       = {https://www.youtube.com/watch?v=pTB0EiLXUC8},
    url          = {https://www.youtube.com/watch?v=pTB0EiLXUC8}
}

@MISC{CellsPropsAndMethods,
    title        = {\textit{Range object ({E}xcel)}},
    author       = {Microsoft},
    howpublished = {Microsoft Docs},
    year         = {2019},
    note         = {Available at: \url{https://docs.microsoft.com/en-us/office/vba/api/excel.range(object)}, accessed 04-06-2019},
    eprint       = {https://docs.microsoft.com/en-us/office/vba/api/excel.range(object)},
    url          = {https://docs.microsoft.com/en-us/office/vba/api/excel.range(object)}
}

@MISC{ErrorHandlingGuide,
    title        = {\textit{{A} {Q}uick {G}uide to {E}rror {H}andling}},
    author       = {Paul Kelly},
    howpublished = {Excel Macro Mastery},
    year         = {},
    note         = {Available at: \url{https://excelmacromastery.com/vba-error-handling/}, accessed 18-06-2019},
    eprint       = {https://excelmacromastery.com/vba-error-handling/},
    url          = {https://excelmacromastery.com/vba-error-handling/}
}

@MISC{OnErrorStatement,
    title        = {\textit{{O}n {E}rror statement}},
    author       = {Microsoft},
    howpublished = {Microsoft Docs},
    year         = {2018},
    note         = {Available at: \url{https://docs.microsoft.com/en-us/office/vba/language/reference/user-interface-help/on-error-statement}, accessed 18-06-2019},
    eprint       = {https://docs.microsoft.com/en-us/office/vba/language/reference/user-interface-help/on-error-statement},
    url          = {https://docs.microsoft.com/en-us/office/vba/language/reference/user-interface-help/on-error-statement}
}

@MISC{ApplicationOnKey,
    title        = {\textit{{A}pplication.{O}n{K}ey method ({E}xcel)}},
    author       = {Microsoft},
    howpublished = {Microsoft Docs},
    year         = {2019},
    note         = {Available at: \url{https://docs.microsoft.com/en-us/office/vba/api/excel.application.onkey}, accessed 18-06-2019},
    eprint       = {https://docs.microsoft.com/en-us/office/vba/api/excel.application.onkey},
    url          = {https://docs.microsoft.com/en-us/office/vba/api/excel.application.onkey}
}

@MISC{PlusOneToSelection,
    title        = {\textit{{P}lus {O}ne {T}o {S}election}},
    author       = {rory.ap},
    howpublished = {Stack Overflow},
    year         = {2015},
    note         = {Available at: \url{https://stackoverflow.com/a/28587328/8213085}, accessed 18-06-2019},
    eprint       = {https://stackoverflow.com/a/28587328/8213085},
    url          = {https://stackoverflow.com/a/28587328/8213085}
}

@MISC{xlPasteTypeEnumeration,
    title        = {\textit{Xl{P}aste{T}ype enumeration ({E}xcel)}},
    author       = {Microsoft},
    howpublished = {Microsoft Doc},
    year         = {2017},
    note         = {Available at: \url{https://docs.microsoft.com/en-us/office/vba/api/excel.xlpastetype}, accessed 24-06-2019},
    eprint       = {https://docs.microsoft.com/en-us/office/vba/api/excel.xlpastetype},
    url          = {https://docs.microsoft.com/en-us/office/vba/api/excel.xlpastetype}
}

@MISC{CommentUncommentCode,
    title        = {\textit{{H}ow to comment and uncomment blocks of code in the {O}ffice {VBA} {E}ditor}},
    author       = {RemarkLima},
    howpublished = {Stack Overflow},
    year         = {2012},
    note         = {Available at: \url{https://stackoverflow.com/q/12933279/8213085}, accessed 25-06-2019},
    eprint       = {https://stackoverflow.com/q/12933279/8213085},
    url          = {https://stackoverflow.com/q/12933279/8213085}
}

@MISC{StackOverflowCutCopyMode,
    title        = {\textit{{S}hould I turn .{C}ut{C}opy{M}ode back on before exiting my sub procedure?}},
    author       = {user4039065},
    howpublished = {Stack Overflow},
    year         = {2015},
    note         = {Available at: \url{https://stackoverflow.com/q/33833318/8213085}, accessed 26-06-2019},
    eprint       = {https://stackoverflow.com/q/33833318/8213085},
    url          = {https://stackoverflow.com/q/33833318/8213085}
}

@MISC{ApplicationCutCopyMode,
    title        = {\textit{{A}pplication.{C}ut{C}opy{M}ode property ({E}xcel)}},
    author       = {Microsoft},
    howpublished = {Microsoft Docs},
    year         = {2019},
    note         = {Available at: \url{https://docs.microsoft.com/en-us/office/vba/api/excel.application.cutcopymode}, accessed 26-06-2019},
    eprint       = {https://docs.microsoft.com/en-us/office/vba/api/excel.application.cutcopymode},
    url          = {https://docs.microsoft.com/en-us/office/vba/api/excel.application.cutcopymode}
}









@MISC{,
    title        = {\textit{}},
    author       = {},
    howpublished = {},
    year         = {},
    note         = {Available at: \url{}, accessed --2019},
    eprint       = {},
    url          = {}
}